@misc{ pdf:navegacion_de_robot,
       author = "UMA",
       title = "Capítulo 2: Navegación de robots móviles",
       howpublished = "\url{http://webpersonal.uma.es/~VFMM/PDF/cap2.pdf}",
       note = "[Internet; descargado 31-octubre-2017]"
}
